@paper{edgar,
  author={E. {Schönfeld} and S. {Ebrahimi} and S. {Sinha} and T. {Darrell} and Z. {Akata}},
  booktitle={2019 IEEE/CVF Conference on Computer Vision and Pattern Recognition (CVPR)},
  title={Generalized Zero- and Few-Shot Learning via Aligned Variational Autoencoders},
  year={2019},
  volume={},
  number={},
  pages={8239-8247},
}

@paper{tong,
	author = {Bin Tong and Martin Klinkigt and Junwen Chen and Xiankun Cui and Quan Kong and Tomokazu Murakami and Yoshiyuki Kobayashi},
	title = {Adversarial Zero-shot Learning With Semantic Augmentation},
	conference = {AAAI Conference on Artificial Intelligence},
	year = {2018},
	keywords = {zero-shot learning; generative adversarial network; image classification; image retrieval}
}

@paper{abhinav,
  author    = {Xiaolong Wang and
               Yufei Ye and
               Abhinav Gupta},
  title     = {Zero-shot Recognition via Semantic Embeddings and Knowledge Graphs},
  journal   = {CoRR},
  volume    = {abs/1803.08035},
  year      = {2018},
  archivePrefix = {arXiv},
  eprint    = {1803.08035},
  timestamp = {Fri, 05 Apr 2019 07:29:46 +0200}
}

@paper{changhu,
  author    = {He Huang and
               Changhu Wang and
               Philip S. Yu and
               Chang{-}Dong Wang},
  title     = {Generative Dual Adversarial Network for Generalized Zero-shot Learning},
  journal   = {CoRR},
  volume    = {abs/1811.04857},
  year      = {2018},
  archivePrefix = {arXiv},
  eprint    = {1811.04857},
  timestamp = {Fri, 23 Nov 2018 12:43:51 +0100}
}

@paper{sounak,
  author    = {Sounak Dey and
               Pau Riba and
               Anjan Dutta and
               Josep Llad{\'{o}}s and
               Yi{-}Zhe Song},
  title     = {Doodle to Search: Practical Zero-Shot Sketch-based Image Retrieval},
  journal   = {CoRR},
  volume    = {abs/1904.03451},
  year      = {2019},
  archivePrefix = {arXiv},
  eprint    = {1904.03451},
  timestamp = {Tue, 19 Nov 2019 15:07:22 +0100}
}

@paper{akanksha,
  author    = {Akanksha Paul and
               Narayanan C. Krishnan and
               Prateek Munjal},
  title     = {Semantically Aligned Bias Reducing Zero Shot Learning},
  journal   = {CoRR},
  volume    = {abs/1904.07659},
  year      = {2019},
  archivePrefix = {arXiv},
  eprint    = {1904.07659},
  timestamp = {Fri, 26 Apr 2019 13:18:53 +0200}
}

@paper{sabr2, 
  title = {Evaluation of Output Embeddings for Fine-Grained Image Classification}, 
  booktitle = {IEEE Computer Vision and Pattern Recognition}, 
  year = {2015}, 
  author = {Zeynep Akata and Scott Reed and Daniel Walter and Honglak Lee and Bernt Schiele}
}

@paper{sabr3,
  author    = {Yashas Annadani and
          Soma Biswas},
  title     = {Preserving Semantic Relations for Zero-Shot Learning},
  journal   = {CoRR},
  volume    = {abs/1803.03049},
  year      = {2018},
  archivePrefix = {arXiv},
  eprint    = {1803.03049},
  timestamp = {Mon, 13 Aug 2018 16:46:44 +0200}
}

@paper{sabr5,
  author    = {Jimmy Ba and
          Kevin Swersky and
          Sanja Fidler and
          Ruslan Salakhutdinov},
  title     = {Predicting Deep Zero-Shot Convolutional Neural Networks using Textual
          Descriptions},
  journal   = {CoRR},
  volume    = {abs/1506.00511},
  year      = {2015},
  archivePrefix = {arXiv},
  eprint    = {1506.00511},
  timestamp = {Mon, 13 Aug 2018 16:47:34 +0200}
}

@paper{sabr10,
  title={DeViSE: A Deep Visual-Semantic Embedding Model},
  author={Andrea Frome and Gregory S. Corrado and Jonathon Shlens and Samy Bengio and Jeffrey Dean and Marc'Aurelio Ranzato and Tomas Mikolov},
  booktitle={NIPS},
  year={2013}
}

@paper{sabr12,
  author    = {Elyor Kodirov and Tao Xiang and Shaogang Gong},
  title     = {Semantic Autoencoder for Zero-Shot Learning},
  journal   = {CoRR},
  volume    = {abs/1704.08345},
  year      = {2017},
  archivePrefix = {arXiv},
  eprint    = {1704.08345},
  timestamp = {Mon, 13 Aug 2018 16:48:31 +0200}
}

@paper{sabr14,  
	author={C. H. {Lampert} and H. {Nickisch} and S. {Harmeling}},  
	journal={IEEE Transactions on Pattern Analysis and Machine Intelligence},   
	title={Attribute-Based Classification for Zero-Shot Visual Object Categorization},   
	year={2014},  
	volume={36},  
	number={3},  
	pages={453-465}
}

@paper{sabr17,
  author = {Romera-Paredes, Bernardino and Torr, Philip H. S.},
  title = {An Embarrassingly Simple Approach to Zero-Shot Learning},
  year = {2015},
  publisher = {JMLR.org},
  booktitle = {Proceedings of the 32nd International Conference on International Conference on Machine Learning - Volume 37},
  pages = {2152–2161},
  numpages = {10},
  location = {Lille, France},
  series = {ICML’15}
}

@paper{sabr19,
  title = {Zero-Shot Learning Through Cross-Modal Transfer},
  author = {Socher, Richard and Ganjoo, Milind and Manning, Christopher D and Ng, Andrew},
  booktitle = {Advances in Neural Information Processing Systems 26},
  editor = {C. J. C. Burges and L. Bottou and M. Welling and Z. Ghahramani and K. Q. Weinberger},
  pages = {935--943},
  year = {2013},
  publisher = {Curran Associates, Inc.}
}

@paper{sabr21,
  author    = {Vinay Kumar Verma and
          Piyush Rai},
  title     = {A Simple Exponential Family Framework for Zero-Shot Learning},
  journal   = {CoRR},
  volume    = {abs/1707.08040},
  year      = {2017},
  archivePrefix = {arXiv},
  eprint    = {1707.08040},
  timestamp = {Mon, 13 Aug 2018 16:46:26 +0200}
}

@paper{sabr23,
  author    = {Yongqin Xian and
          Zeynep Akata and
          Gaurav Sharma and
          Quynh N. Nguyen and
          Matthias Hein and
          Bernt Schiele},
  title     = {Latent Embeddings for Zero-shot Classification},
  journal   = {CoRR},
  volume    = {abs/1603.08895},
  year      = {2016},
  archivePrefix = {arXiv},
  eprint    = {1603.08895},
  timestamp = {Mon, 13 Aug 2018 16:46:09 +0200}
}

@paper{sabr25,
  author    = {Yongqin Xian and
          Tobias Lorenz and
          Bernt Schiele and
          Zeynep Akata},
  title     = {Feature Generating Networks for Zero-Shot Learning},
  journal   = {CoRR},
  volume    = {abs/1712.00981},
  year      = {2017},
  archivePrefix = {arXiv},
  eprint    = {1712.00981},
  timestamp = {Mon, 13 Aug 2018 16:48:42 +0200}
}

@paper{sabr28,  
	author={M. {Ye} and Y. {Guo}},  
	booktitle={2017 IEEE Conference on Computer Vision and Pattern Recognition (CVPR)},   
	title={Zero-Shot Classification with Discriminative Semantic Representation Learning},   
	year={2017},  
	volume={},  
	number={},  
	pages={5103-5111}
}	

@paper{sabr29,
  author    = {Li Zhang and
          Tao Xiang and
          Shaogang Gong},
  title     = {Learning a Deep Embedding Model for Zero-Shot Learning},
  journal   = {CoRR},
  volume    = {abs/1611.05088},
  year      = {2016},
  archivePrefix = {arXiv},
  eprint    = {1611.05088},
  timestamp = {Thu, 25 Jul 2019 16:32:57 +0200}
}

@paper{sabr9,
  author = {Dinu, Georgiana and Baroni, Marco},
  year = {2014},
  month = {12},
  pages = {},
  title = {Improving zero-shot learning by mitigating the hubness problem}
}

@paper{sabr16,
  author = {Radovanovi\'{c}, Milo\v{s} and Nanopoulos, Alexandros and Ivanovi\'{c}, Mirjana},
  title = {Hubs in Space: Popular Nearest Neighbors in High-Dimensional Data},
  year = {2010},
  issue_date = {3/1/2010},
  publisher = {JMLR.org},
  volume = {11},
  issn = {1532-4435},
  journal = {J. Mach. Learn. Res.},
  month = dec,
  pages = {2487–2531},
  numpages = {45}
}

@paper{sabr18,
  author    = {Yutaro Shigeto and
          Ikumi Suzuki and
          Kazuo Hara and
          Masashi Shimbo and
          Yuji Matsumoto},
  title     = {Ridge Regression, Hubness, and Zero-Shot Learning},
  journal   = {CoRR},
  volume    = {abs/1507.00825},
  year      = {2015},
  archivePrefix = {arXiv},
  eprint    = {1507.00825},
  timestamp = {Mon, 13 Aug 2018 16:47:51 +0200}
}

@paper{sabr31,
  author    = {Ziming Zhang and
          Venkatesh Saligrama},
  title     = {Classifying Unseen Instances by Learning Class-Independent Similarity
          Functions},
  journal   = {CoRR},
  volume    = {abs/1511.04512},
  year      = {2015},
  archivePrefix = {arXiv},
  eprint    = {1511.04512},
  timestamp = {Mon, 13 Aug 2018 16:48:52 +0200}
}

@paper{cada23,
  author    = {Scott E. Reed and
               Zeynep Akata and
               Bernt Schiele and
               Honglak Lee},
  title     = {Learning Deep Representations of Fine-grained Visual Descriptions},
  journal   = {CoRR},
  volume    = {abs/1605.05395},
  year      = {2016},
  archivePrefix = {arXiv},
  eprint    = {1605.05395},
  timestamp = {Mon, 13 Aug 2018 16:47:30 +0200}
}

@paper{gcn33,  
	author={I. {Misra} and A. {Gupta} and M. {Hebert}},  
	booktitle={2017 IEEE Conference on Computer Vision and Pattern Recognition (CVPR)},   
	title={From Red Wine to Red Tomato: Composition with Context},   
	year={2017},  
	volume={},  
	number={},  
	pages={1160-1169}
}

@paper{spectralnorm,
  author    = {Takeru Miyato and
               Toshiki Kataoka and
               Masanori Koyama and
               Yuichi Yoshida},
  title     = {Spectral Normalization for Generative Adversarial Networks},
  journal   = {CoRR},
  volume    = {abs/1802.05957},
  year      = {2018},
  archivePrefix = {arXiv},
  eprint    = {1802.05957},
  timestamp = {Mon, 13 Aug 2018 16:48:15 +0200}
}

@paper{cub,
  Author = {P. Welinder and S. Branson and T. Mita and C. Wah and F. Schroff and S. Belongie and P. Perona},
  Institution = {California Institute of Technology},
  Number = {CNS-TR-2010-001},
  Title = {{Caltech-UCSD Birds 200}},
  Year = {2010}
}

@paper{sun,
  author={J. {Xiao} and J. {Hays} and K. A. {Ehinger} and A. {Oliva} and A. {Torralba} },
  booktitle={2010 IEEE Computer Society Conference on Computer Vision and Pattern Recognition},
  title={SUN database: Large-scale scene recognition from abbey to zoo},
  year={2010},
  volume={},
  number={},
  pages={3485-3492},
  keywords={computer vision;human factors;image classification;object recognition;visual databases;SUN database;large-scale scene recognition;abbey;zoo;scene categorization;computer vision;scene understanding research;scene category;object categorization;scene understanding database;state-of-the-art algorithms;human scene classification performance;finer-grained scene representation;Sun;Large-scale systems;Layout;Humans;Image databases;Computer vision;Anthropometry;Bridges;Legged locomotion;Spatial databases},
  doi={10.1109/CVPR.2010.5539970},
  ISSN={1063-6919},
  month={June}
}

@paper{awa,
  Author = {Christoph H. Lampert and Hannes Nickisch and Stefan Harmeling and Jens Weidmann},
  Number = {},
  Title = {{Animals with Attributes}},
  Year = {2009}
}

@paper{awa2,
  Author = {Christoph H. Lampert and Daniel Pucher and Johannes Dostal},
  Number = {},
  Title = {{Animals with Attributes 2}},
  Year = {2017}
}

@paper{apy,
  author    = {Yongqin Xian and
          Bernt Schiele and
          Zeynep Akata},
  title     = {Zero-Shot Learning - The Good, the Bad and the Ugly},
  journal   = {CoRR},
  volume    = {abs/1703.04394},
  year      = {2017},
  archivePrefix = {arXiv},
  eprint    = {1703.04394},
  timestamp = {Mon, 13 Aug 2018 16:46:40 +0200}
}

@paper{gcn3,
	author = {Carlson, Andrew and Betteridge, Justin and Kisiel, Bryan and Settles, Burr and Hruschka, Estevam R. and Mitchell, Tom M.},
	title = {Toward an Architecture for Never-Ending Language Learning},
	year = {2010},
	publisher = {AAAI Press},
	booktitle = {Proceedings of the Twenty-Fourth AAAI Conference on Artificial Intelligence},
	pages = {1306–1313},
	numpages = {8},
	location = {Atlanta, Georgia},
	series = {AAAI’10}
}

@paper{gcn8,  
	author={X. {Chen} and A. {Shrivastava} and A. {Gupta}},  
	booktitle={2013 IEEE International Conference on Computer Vision},   
	title={NEIL: Extracting Visual Knowledge from Web Data},   
	year={2013},  
	volume={},  
	number={},  
	pages={1409-1416}
}

@paper{wgangp,
  author    = {Ishaan Gulrajani and
               Faruk Ahmed and
               Mart{\'{\i}}n Arjovsky and
               Vincent Dumoulin and
               Aaron C. Courville},
  title     = {Improved Training of Wasserstein GANs},
  journal   = {CoRR},
  volume    = {abs/1704.00028},
  year      = {2017},
  archivePrefix = {arXiv},
  eprint    = {1704.00028},
  timestamp = {Mon, 13 Aug 2018 16:47:43 +0200}
}